@book{clark_1996,
  place      = {Cambridge},
  series     = {'Using' Linguistic Books},
  title      = {Using Language},
  doi        = {10.1017/CBO9780511620539},
  publisher  = {Cambridge University Press},
  author     = {Clark, Herbert H.},
  year       = {1996},
  collection = {'Using' Linguistic Books}
}
@incollection{Clark1981-CLADKA,
	year = {1981},
	author = {Herbert H. Clark and Catherine R. Marshall},
	pages = {10--63},
	title = {Definite Knowledge and Mutual Knowledge},
	booktitle = {Elements of Discourse Understanding},
	editor = {Aravind K. Joshi and Bonnie L. Webber and Ivan A. Sag},
	publisher = {Cambridge, UK: Cambridge University Press}
}
@incollection{stalnaker1978a,
  author = {Stalnaker, R.},
  date = {1978},
  title = {Assertion},
  editor = {Cole, P.},
  volume = {9},
  pages = {315–332},
  publisher = {Academic Press},
  language = {fr},
  booktitle = {Syntax and semantics}
}
@article{clark1986a,
  author = {Clark, H.H. and Wilkes-Gibbs, D.},
  date = {1986},
  title = {Referring as a collaborative process},
  volume = {22},
  pages = {1–39},
  url = {https://doi.org/10.},
  language = {en},
  journal = {Cognition},
  number = {1}
}

@inproceedings{PowersRobot,
author = {Powers, Aaron and Kramer, A.D.I. and Lim, S. and Kuo, J. and Lee, Sau-Lai and Kiesler, Sara},
year = {2005},
month = {09},
pages = {158 - 163},
title = {Eliciting information from people with a gendered humanoid robot},
isbn = {0-7803-9274-4},
doi = {10.1109/ROMAN.2005.1513773}
}

@article{TunerKnutsen,
author = {Christina Turner and Dominique Knutsen},
title = {Audience Design in Collaborative Dialogue between Teachers and Students},
journal = {Discourse Processes},
volume = {58},
number = {8},
pages = {703-725},
year  = {2021},
publisher = {Routledge},
doi = {10.1080/0163853X.2021.1904768},
URL = {https://doi.org/10.1080/0163853X.2021.1904768},
eprint = {https://doi.org/10.1080/0163853X.2021.1904768}
}


